@book{Stewart,
	address = {Boston},
	publisher = {Cengage Learning, Inc.},
	author = {Stewart, James and Clegg, Daniel and Watson, Saleem},
	title = {Calculus: Early Transcendentals},
	year = {2019},
	edition = {9},
}